@article {InverseBoomerShooter,
    url = {https://www.inverse.com/gaming/boomer-shooter-definition-origin},
    title = {Franzese, Tomas. “OK Boomer Shooter: How indie games breathed new life into a dying genre” 13 Oct. 2021, www.inverse.com/gaming/boomer-shooter-definition-origin. Accessed 17 Dec. 2022.},
    author = {Tomas, Franzese},
    year = {2021},
}

 @book{SteveSwickGame, title={Game feel: A game designer's Guide to Virtual Sensation}, publisher={CRC Press}, author={SWINK, STEVE}, year={2017}} 

@article {VentureUnity,
    author = {Dean Takahashi},
    title = {Unity targets indie game developers with new growth program},
    year = {2020},
    url = {https://venturebeat.com/business/unity-launches-game-growth-program-for-indie-developers/},
}

@misc {BabylonSite,
    url = {https://www.babylonjs.com/},
    title = {Welcome to Babylon.JS 5.0},
}

@article {UdemyUnrealVUnity,
    author = {Ben Tristem},
    title = {Unity vs. Unreal: Which Game Engine is Best For You?},
    year = {2019},
    url = {https://blog.udemy.com/unity-vs-unreal-which-game-engine-is-best-for-you/},
}

@article {GiantBombStrafeJump,
    author = {Marino},
    title = {Strafe Jumping},
    year = {2021},
    url = {https://www.giantbomb.com/strafe-jumping/3015-652/},
}

@article {AddictiveMobileGame,
    author = {Souvik},
    title = {What Makes Today’s Most Popular Mobile Games So Addictive? },
    year = {2021},
    url = {https://www.rswebsols.com/tutorials/software-tutorials/popular-mobile-games-addictive},
}

@article {MalwareBytesInstallCore,
    author = {Malwarebytes},
    title = {Adware.InstallCore},
    year = {2022},
    url = {https://www.malwarebytes.com/blog/detections/adware-installcore},
}

@article {UnityLayoffs,
    author = {Mariella Moon},
    title = {Unity lays off 4 percent of its workforce to realign its resources},
    year = {2022},
    url = {https://www.engadget.com/unity-lays-off-four-percent-of-its-workforce-051606470.html},
}